<?xml version="1.0" encoding="UTF-8"?><collection xmlns="http://www.loc.gov/MARC21/slim"><record><leader>00333nam--2200133-i-4500</leader><controlfield tag="001">000005051</controlfield><controlfield tag="002">20161230</controlfield><controlfield tag="005">20170219003623</controlfield><controlfield tag="008">060222s1000------------r-----000-0-eng-d</controlfield><datafield ind1=" " ind2=" " tag="245"><subfield code="a">Din. normblatt-verzeishnis 1959</subfield></datafield><datafield ind1=" " ind2=" " tag="260"><subfield code="a">Berlin</subfield><subfield code="b">Beuth-vertrieb Gmbh</subfield><subfield code="c">1959</subfield></datafield><datafield ind1=" " ind2=" " tag="300"><subfield code="a">440 p</subfield></datafield><datafield ind1=" " ind2=" " tag="852"><subfield code="a">389.6(43)</subfield></datafield><datafield ind1=" " ind2=" " tag="CAT"><subfield code="a">SYS</subfield><subfield code="c">20170219</subfield><subfield code="h">003623</subfield></datafield></record></collection>